@INPROCEEDINGS{6382200,
  author={VanderPlas, Jacob and Connolly, Andrew J. and Ivezić, Željko and Gray, Alex},
  booktitle={2012 Conference on Intelligent Data Understanding}, 
  title={Introduction to astroML: Machine learning for astrophysics}, 
  year={2012},
  volume={},
  number={},
  pages={47-54},
  doi={10.1109/CIDU.2012.6382200}}
