@article{scholz1987k,
  title={K-sample Anderson--Darling tests},
  author={Scholz, Fritz W and Stephens, Michael A},
  journal={Journal of the American Statistical Association},
  volume={82},
  number={399},
  pages={918--924},
  year={1987},
  publisher={Taylor \& Francis}
}