@article{von2020fourth,
  title={The fourth fermi-gbm gamma-ray burst catalog: A decade of data},
  author={Von Kienlin, A and Meegan, CA and Paciesas, WS and Bhat, PN and Bissaldi, E and Briggs, MS and Burns, E and Cleveland, WH and Gibby, MH and Giles, MM and others},
  journal={The Astrophysical Journal},
  volume={893},
  number={1},
  pages={46},
  year={2020},
  publisher={IOP Publishing}
}