@article{gruber2014fermi,
  title={The Fermi GBM gamma-ray burst spectral catalog: four years of data},
  author={Gruber, David and Goldstein, Adam and von Ahlefeld, Victoria Weller and Bhat, P Narayana and Bissaldi, Elisabetta and Briggs, Michael S and Byrne, Dave and Cleveland, William H and Connaughton, Valerie and Diehl, Roland and others},
  journal={The Astrophysical Journal Supplement Series},
  volume={211},
  number={1},
  pages={12},
  year={2014},
  publisher={IOP Publishing}
}