@book{ivezic2020statistics,
  title={Statistics, data mining, and machine learning in astronomy: a practical Python guide for the analysis of survey data},
  author={Ivezi{\'c}, {\v{Z}}eljko and Connolly, Andrew J and VanderPlas, Jacob T and Gray, Alexander},
  year={2020},
  publisher={Princeton University Press}
}