@article{landy1993bias,
  title={Bias and variance of angular correlation functions},
  author={Landy, Stephen D and Szalay, Alexander S},
  journal={Astrophysical Journal, Part 1 (ISSN 0004-637X), vol. 412, no. 1, p. 64-71.},
  volume={412},
  pages={64--71},
  year={1993}
}