@article{singal2011large,
  title={Large peculiar motion of the solar system from the dipole anisotropy in sky brightness due to distant radio sources},
  author={Singal, Ashok K},
  journal={The Astrophysical Journal Letters},
  volume={742},
  number={2},
  pages={L23},
  year={2011},
  publisher={IOP Publishing}
}