@article{Tegmark_1996,
   title={The Angular Power Spectrum of BATSE 3B Gamma-Ray Bursts},
   volume={468},
   ISSN={1538-4357},
   url={http://dx.doi.org/10.1086/177684},
   DOI={10.1086/177684},
   journal={The Astrophysical Journal},
   publisher={American Astronomical Society},
   author={Tegmark, Max and Hartmann, Dieter H. and Briggs, Michael S. and Meegan, Charles A.},
   year={1996},
   month=sep, pages={214} }
