@article{andrade2019revisiting,
  title={Revisiting the statistical isotropy of GRB sky distribution},
  author={Andrade, Uendert and Bengaly, Carlos AP and Alcaniz, Jailson S and Capozziello, Salvatore},
  journal={Monthly Notices of the Royal Astronomical Society},
  volume={490},
  number={4},
  pages={4481--4488},
  year={2019},
  publisher={Oxford University Press}
}