@article{schwarz2016cmb,
  title={CMB anomalies after Planck},
  author={Schwarz, Dominik J and Copi, Craig J and Huterer, Dragan and Starkman, Glenn D},
  journal={Classical and Quantum Gravity},
  volume={33},
  number={18},
  pages={184001},
  year={2016},
  publisher={IOP Publishing}
}

@article{PhysRevD.97.083518,
  title = {Isotropy of low redshift type Ia supernovae: A Bayesian analysis},
  author = {Andrade, U. and Bengaly, C. A. P. and Alcaniz, J. S. and Santos, B.},
  journal = {Phys. Rev. D},
  volume = {97},
  issue = {8},
  pages = {083518},
  numpages = {7},
  year = {2018},
  month = {Apr},
  publisher = {American Physical Society},
  doi = {10.1103/PhysRevD.97.083518},
  url = {https://link.aps.org/doi/10.1103/PhysRevD.97.083518}
}

@article{Tegmark_1996,
   title={The Angular Power Spectrum of BATSE 3B Gamma-Ray Bursts},
   volume={468},
   ISSN={1538-4357},
   url={http://dx.doi.org/10.1086/177684},
   DOI={10.1086/177684},
   journal={The Astrophysical Journal},
   publisher={American Astronomical Society},
   author={Tegmark, Max and Hartmann, Dieter H. and Briggs, Michael S. and Meegan, Charles A.},
   year={1996},
   month=sep, pages={214} }

@INPROCEEDINGS{6382200,
  author={VanderPlas, Jacob and Connolly, Andrew J. and Ivezić, Željko and Gray, Alex},
  booktitle={2012 Conference on Intelligent Data Understanding}, 
  title={Introduction to astroML: Machine learning for astrophysics}, 
  year={2012},
  volume={},
  number={},
  pages={47-54},
  doi={10.1109/CIDU.2012.6382200}}

@article{scholz1987k,
  title={K-sample Anderson--Darling tests},
  author={Scholz, Fritz W and Stephens, Michael A},
  journal={Journal of the American Statistical Association},
  volume={82},
  number={399},
  pages={918--924},
  year={1987},
  publisher={Taylor \& Francis}
}

@article{ refId0,
	author = {{Planck Collaboration} and {Ade, P. A. R.} and {Aghanim, N.} and {Akrami, Y.} and {Aluri, P. K.} and {Arnaud, M.} and {Ashdown, M.} and {Aumont, J.} and {Baccigalupi, C.} and {Banday, A. J.} and {Barreiro, R. B.} and {Bartolo, N.} and {Basak, S.} and {Battaner, E.} and {Benabed, K.} and {Benoît, A.} and {Benoit-Lévy, A.} and {Bernard, J.-P.} and {Bersanelli, M.} and {Bielewicz, P.} and {Bock, J. J.} and {Bonaldi, A.} and {Bonavera, L.} and {Bond, J. R.} and {Borrill, J.} and {Bouchet, F. R.} and {Boulanger, F.} and {Bucher, M.} and {Burigana, C.} and {Butler, R. C.} and {Calabrese, E.} and {Cardoso, J.-F.} and {Casaponsa, B.} and {Catalano, A.} and {Challinor, A.} and {Chamballu, A.} and {Chiang, H. C.} and {Christensen, P. R.} and {Church, S.} and {Clements, D. L.} and {Colombi, S.} and {Colombo, L. P. L.} and {Combet, C.} and {Contreras, D.} and {Couchot, F.} and {Coulais, A.} and {Crill, B. P.} and {Cruz, M.} and {Curto, A.} and {Cuttaia, F.} and {Danese, L.} and {Davies, R. D.} and {Davis, R. J.} and {de Bernardis, P.} and {de Rosa, A.} and {de Zotti, G.} and {Delabrouille, J.} and {Désert, F.-X.} and {Diego, J. M.} and {Dole, H.} and {Donzelli, S.} and {Doré, O.} and {Douspis, M.} and {Ducout, A.} and {Dupac, X.} and {Efstathiou, G.} and {Elsner, F.} and {Enßlin, T. A.} and {Eriksen, H. K.} and {Fantaye, Y.} and {Fergusson, J.} and {Fernandez-Cobos, R.} and {Finelli, F.} and {Forni, O.} and {Frailis, M.} and {Fraisse, A. A.} and {Franceschi, E.} and {Frejsel, A.} and {Frolov, A.} and {Galeotta, S.} and {Galli, S.} and {Ganga, K.} and {Gauthier, C.} and {Ghosh, T.} and {Giard, M.} and {Giraud-Héraud, Y.} and {Gjerløw, E.} and {González-Nuevo, J.} and {Górski, K. M.} and {Gratton, S.} and {Gregorio, A.} and {Gruppuso, A.} and {Gudmundsson, J. E.} and {Hansen, F. K.} and {Hanson, D.} and {Harrison, D. L.} and {Henrot-Versillé, S.} and {Hernández-Monteagudo, C.} and {Herranz, D.} and {Hildebrandt, S. R.} and {Hivon, E.} and {Hobson, M.} and {Holmes, W. A.} and {Hornstrup, A.} and {Hovest, W.} and {Huang, Z.} and {Huffenberger, K. M.} and {Hurier, G.} and {Jaffe, A. H.} and {Jaffe, T. R.} and {Jones, W. C.} and {Juvela, M.} and {Keihänen, E.} and {Keskitalo, R.} and {Kim, J.} and {Kisner, T. S.} and {Knoche, J.} and {Kunz, M.} and {Kurki-Suonio, H.} and {Lagache, G.} and {Lähteenmäki, A.} and {Lamarre, J.-M.} and {Lasenby, A.} and {Lattanzi, M.} and {Lawrence, C. R.} and {Leonardi, R.} and {Lesgourgues, J.} and {Levrier, F.} and {Liguori, M.} and {Lilje, P. B.} and {Linden-Vørnle, M.} and {Liu, H.} and {López-Caniego, M.} and {Lubin, P. M.} and {Macías-Pérez, J. F.} and {Maggio, G.} and {Maino, D.} and {Mandolesi, N.} and {Mangilli, A.} and {Marinucci, D.} and {Maris, M.} and {Martin, P. G.} and {Martínez-González, E.} and {Masi, S.} and {Matarrese, S.} and {McGehee, P.} and {Meinhold, P. R.} and {Melchiorri, A.} and {Mendes, L.} and {Mennella, A.} and {Migliaccio, M.} and {Mikkelsen, K.} and {Mitra, S.} and {Miville-Deschênes, M.-A.} and {Molinari, D.} and {Moneti, A.} and {Montier, L.} and {Morgante, G.} and {Mortlock, D.} and {Moss, A.} and {Munshi, D.} and {Murphy, J. A.} and {Naselsky, P.} and {Nati, F.} and {Natoli, P.} and {Netterfield, C. B.} and {Nørgaard-Nielsen, H. U.} and {Noviello, F.} and {Novikov, D.} and {Novikov, I.} and {Oxborrow, C. A.} and {Paci, F.} and {Pagano, L.} and {Pajot, F.} and {Pant, N.} and {Paoletti, D.} and {Pasian, F.} and {Patanchon, G.} and {Pearson, T. J.} and {Perdereau, O.} and {Perotto, L.} and {Perrotta, F.} and {Pettorino, V.} and {Piacentini, F.} and {Piat, M.} and {Pierpaoli, E.} and {Pietrobon, D.} and {Plaszczynski, S.} and {Pointecouteau, E.} and {Polenta, G.} and {Popa, L.} and {Pratt, G. W.} and {Prézeau, G.} and {Prunet, S.} and {Puget, J.-L.} and {Rachen, J. P.} and {Rebolo, R.} and {Reinecke, M.} and {Remazeilles, M.} and {Renault, C.} and {Renzi, A.} and {Ristorcelli, I.} and {Rocha, G.} and {Rosset, C.} and {Rossetti, M.} and {Rotti, A.} and {Roudier, G.} and {Rubiño-Martín, J. A.} and {Rusholme, B.} and {Sandri, M.} and {Santos, D.} and {Savelainen, M.} and {Savini, G.} and {Scott, D.} and {Seiffert, M. D.} and {Shellard, E. P. S.} and {Souradeep, T.} and {Spencer, L. D.} and {Stolyarov, V.} and {Stompor, R.} and {Sudiwala, R.} and {Sunyaev, R.} and {Sutton, D.} and {Suur-Uski, A.-S.} and {Sygnet, J.-F.} and {Tauber, J. A.} and {Terenzi, L.} and {Toffolatti, L.} and {Tomasi, M.} and {Tristram, M.} and {Trombetti, T.} and {Tucci, M.} and {Tuovinen, J.} and {Valenziano, L.} and {Valiviita, J.} and {Van Tent, B.} and {Vielva, P.} and {Villa, F.} and {Wade, L. A.} and {Wandelt, B. D.} and {Wehus, I. K.} and {Yvon, D.} and {Zacchei, A.} and {Zibin, J. P.} and {Zonca, A.}},
	title = {Planck 2015 results - XVI. Isotropy and statistics of the CMB},
	DOI= "10.1051/0004-6361/201526681",
	url= "https://doi.org/10.1051/0004-6361/201526681",
	journal = {Astronomy and Astrophysics},
	year = 2016,
	volume = 594,
	pages = "A16",
}

@article{von2020fourth,
  title={The fourth fermi-gbm gamma-ray burst catalog: A decade of data},
  author={Von Kienlin, A and Meegan, CA and Paciesas, WS and Bhat, PN and Bissaldi, E and Briggs, MS and Burns, E and Cleveland, WH and Gibby, MH and Giles, MM and others},
  journal={The Astrophysical Journal},
  volume={893},
  number={1},
  pages={46},
  year={2020},
  publisher={IOP Publishing}
}

@article{gruber2014fermi,
  title={The Fermi GBM gamma-ray burst spectral catalog: four years of data},
  author={Gruber, David and Goldstein, Adam and von Ahlefeld, Victoria Weller and Bhat, P Narayana and Bissaldi, Elisabetta and Briggs, Michael S and Byrne, Dave and Cleveland, William H and Connaughton, Valerie and Diehl, Roland and others},
  journal={The Astrophysical Journal Supplement Series},
  volume={211},
  number={1},
  pages={12},
  year={2014},
  publisher={IOP Publishing}
}

@book{ivezic2020statistics,
  title={Statistics, data mining, and machine learning in astronomy: a practical Python guide for the analysis of survey data},
  author={Ivezi{\'c}, {\v{Z}}eljko and Connolly, Andrew J and VanderPlas, Jacob T and Gray, Alexander},
  year={2020},
  publisher={Princeton University Press}
}

@article{landy1993bias,
  title={Bias and variance of angular correlation functions},
  author={Landy, Stephen D and Szalay, Alexander S},
  journal={Astrophysical Journal, Part 1 (ISSN 0004-637X), vol. 412, no. 1, p. 64-71.},
  volume={412},
  pages={64--71},
  year={1993}
}

@article{singal2011large,
  title={Large peculiar motion of the solar system from the dipole anisotropy in sky brightness due to distant radio sources},
  author={Singal, Ashok K},
  journal={The Astrophysical Journal Letters},
  volume={742},
  number={2},
  pages={L23},
  year={2011},
  publisher={IOP Publishing}
}

@article{10.1093/mnras/stx2356,
    author = {Tarnopolski, M.},
    title = "{Testing the anisotropy in the angular distribution of Fermi/GBM gamma-ray bursts}",
    journal = {Monthly Notices of the Royal Astronomical Society},
    volume = {472},
    number = {4},
    pages = {4819-4831},
    year = {2017},
    month = {09},
    abstract = "{Gamma-ray bursts (GRBs) were confirmed to be of extragalactic origin due to their isotropic angular distribution, combined with the fact that they exhibited an intensity distribution that deviated strongly from the −3/2 power law. This finding was later confirmed with the first redshift, equal to at least z = 0.835, measured for GRB970508. Despite this result, the data from CGRO/BATSE and Swift/BAT indicate that long GRBs are indeed distributed isotropically, but the distribution of short GRBs is anisotropic. Fermi/GBM has detected 1669 GRBs up to date, and their sky distribution is examined in this paper. A number of statistical tests are applied: nearest neighbour analysis, fractal dimension, dipole and quadrupole moments of the distribution function decomposed into spherical harmonics, binomial test and the two-point angular correlation function. Monte Carlo benchmark testing of each test is performed in order to evaluate its reliability. It is found that short GRBs are distributed anisotropically in the sky, and long ones have an isotropic distribution. The probability that these results are not a chance occurrence is equal to at least 99.98 per cent and 30.68 per cent for short and long GRBs, respectively. The cosmological context of this finding and its relation to large-scale structures is discussed.}",
    issn = {0035-8711},
    doi = {10.1093/mnras/stx2356},
    url = {https://doi.org/10.1093/mnras/stx2356},
    eprint = {https://academic.oup.com/mnras/article-pdf/472/4/4819/21080517/stx2356.pdf},
}

@article{andrade2019revisiting,
  title={Revisiting the statistical isotropy of GRB sky distribution},
  author={Andrade, Uendert and Bengaly, Carlos AP and Alcaniz, Jailson S and Capozziello, Salvatore},
  journal={Monthly Notices of the Royal Astronomical Society},
  volume={490},
  number={4},
  pages={4481--4488},
  year={2019},
  publisher={Oxford University Press}
}

@misc{SWIFT,
  title = {{NASA} Swift GRB Database},
  howpublished = {\url{https://swift.gsfc.nasa.gov/archive/grb_table/}},
  note = {Accessed: 2010-09-30}
}