@article{schwarz2016cmb,
  title={CMB anomalies after Planck},
  author={Schwarz, Dominik J and Copi, Craig J and Huterer, Dragan and Starkman, Glenn D},
  journal={Classical and Quantum Gravity},
  volume={33},
  number={18},
  pages={184001},
  year={2016},
  publisher={IOP Publishing}
}