@misc{SWIFT,
  title = {{NASA} Swift GRB Database},
  howpublished = {\url{https://swift.gsfc.nasa.gov/archive/grb_table/}},
  note = {Accessed: 2010-09-30}
}